<collection xmlns="http://www.loc.gov/MARC21/slim">
<record>
  <leader>01556nam0a2200289 i 450 </leader>
  <controlfield tag="001">IT\ICCU\CNCE\078425</controlfield>
  <controlfield tag="005">20140224000000.0</controlfield>
  <datafield tag="012" ind1=" " ind2=" ">
    <subfield code="a">r.ar s.s. erte PrIn (C) 1518 (R)</subfield>
    <subfield code="2">fei</subfield>
  </datafield>
  <datafield tag="100" ind1=" " ind2=" ">
    <subfield code="a">20140224d1518        0itac0103    ba</subfield>
  </datafield>
  <datafield tag="101" ind1=" " ind2=" ">
    <subfield code="a">LAT</subfield>
  </datafield>
  <datafield tag="102" ind1=" " ind2=" ">
    <subfield code="a">IT</subfield>
  </datafield>
  <datafield tag="200" ind1="1" ind2=" ">
    <subfield code="a">℗Pyladae Brixiani ℗Carmen scolasticum</subfield>
  </datafield>
  <datafield tag="210" ind1=" " ind2=" ">
    <subfield code="a">\Milano</subfield>
    <subfield code="c">Niccol ̣Gorgonzola!</subfield>
    <subfield code="e">Impressum Mediolani</subfield>
    <subfield code="g">per Rochum &amp; fratrem de Valle</subfield>
    <subfield code="g">ad instantiam domini Nicolai de Gorgonzola</subfield>
    <subfield code="h">1518 die XVIJ mensis Augusti</subfield>
  </datafield>
  <datafield tag="215" ind1=" " ind2=" ">
    <subfield code="a">\28! c.</subfield>
    <subfield code="d">4ʻ</subfield>
  </datafield>
  <datafield tag="620" ind1=" " ind2=" ">
    <subfield code="a">IT</subfield>
    <subfield code="d">Milano</subfield>
  </datafield>
  <datafield tag="700" ind1=" " ind2="1">
    <subfield code="a">Boccardo,</subfield>
    <subfield code="b">Giovanni Francesco</subfield>
    <subfield code="3">IT\ICCU\CNCA\000125</subfield>
  </datafield>
  <datafield tag="712" ind1="0" ind2="0">
    <subfield code="a"></subfield>
    <subfield code="3">IT\ICCU\CNCT\000205</subfield>
    <subfield code="4">650</subfield>
  </datafield>
  <datafield tag="712" ind1="0" ind2="0">
    <subfield code="a">Da_Valle, Rocco &amp; fratello</subfield>
    <subfield code="3">IT\ICCU\CNCT\003724</subfield>
    <subfield code="4">650</subfield>
  </datafield>
  <datafield tag="790" ind1=" " ind2="0">
    <subfield code="a">Pylades</subfield>
    <subfield code="3">IT\ICCU\CNCA\002350</subfield>
    <subfield code="z">Boccardo, Giovanni Francesco</subfield>
  </datafield>
  <datafield tag="790" ind1=" " ind2="0">
    <subfield code="a">Pilade</subfield>
    <subfield code="3">IT\ICCU\CNCA\012800</subfield>
    <subfield code="z">Boccardo, Giovanni Francesco</subfield>
  </datafield>
  <datafield tag="790" ind1=" " ind2="1">
    <subfield code="a">Buccardus,</subfield>
    <subfield code="b">Joannes Franciscus</subfield>
    <subfield code="3">IT\ICCU\CNCA\012801</subfield>
    <subfield code="z">Boccardo, Giovanni Francesco</subfield>
  </datafield>
  <datafield tag="790" ind1=" " ind2="1">
    <subfield code="a">Pilade,</subfield>
    <subfield code="b">Giovanni Francesco Boccardo</subfield>
    <subfield code="3">IT\ICCU\CNCA\027218</subfield>
    <subfield code="z">Boccardo, Giovanni Francesco</subfield>
  </datafield>
  <datafield tag="791" ind1="0" ind2="2">
    <subfield code="a">Nicolo da Gorgonzola</subfield>
    <subfield code="3">IT\ICCU\CNCT\004950</subfield>
    <subfield code="z"></subfield>
  </datafield>
  <datafield tag="801" ind1=" " ind2="3">
    <subfield code="a">IT</subfield>
    <subfield code="b">ICCU</subfield>
    <subfield code="c">20201115</subfield>
  </datafield>
  <datafield tag="899" ind1=" " ind2=" ">
    <subfield code="a">Archivio storico civico e Biblioteca Trivulziana. Milano</subfield>
    <subfield code="1">MI0327</subfield>
    <subfield code="2">LO1 13</subfield>
  </datafield>
  <datafield tag="911" ind1=" " ind2=" ">
    <subfield code="a">Sul front.</subfield>
    <subfield code="9">IT\ICCU\CNCM\000436</subfield>
  </datafield>
  <datafield tag="921" ind1=" " ind2=" ">
    <subfield code="a">IT\ICCU\CNCM\000436</subfield>
    <subfield code="b">Nastro con nome di Nicolaus Gorgonzola avvolge uno scettro che ha alla base una P e all&apos;apice una stella. Intorno ornamenti floreali.</subfield>
    <subfield code="c">K70</subfield>
    <subfield code="c">Z913</subfield>
    <subfield code="f">GORGONZOLA</subfield>
    <subfield code="f">LETTERAP</subfield>
    <subfield code="f">NASTRO</subfield>
    <subfield code="f">NICOLAUS</subfield>
    <subfield code="f">STELLA</subfield>
    <subfield code="g">1509-1523</subfield>
  </datafield>
</record>
</collection>
